@book{Bellman1957,
  author = {Richard Bellman},
  title = {Dynamic Programming},
  publisher = {Princeton University Press},
  year = {1957}
}

@book{BertsekasTsitsiklis1989,
  author    = {Dimitri P. Bertsekas and John N. Tsitsiklis},
  title     = {Parallel and Distributed Computation: Numerical Methods},
  publisher = {Prentice-Hall, Inc.},
  year      = {1989}
}

@book{SuttonBarto1998,
  author    = {Richard S. Sutton and Andrew G. Barto},
  title     = {Reinforcement Learning: An Introduction},
  publisher = {MIT Press},
  year      = {1998},
  edition   = {1st Edition}
}

@book{Powell2007,
  author    = {Warren B. Powell},
  title     = {Approximate Dynamic Programming: Solving the Curses of Dimensionality},
  publisher = {Wiley-Interscience},
  year      = {2007}
}

@book{CormenLeisersonRivestStein2009,
  author    = {Thomas H. Cormen and Charles E. Leiserson and Ronald L. Rivest and Clifford Stein},
  title     = {Introduction to Algorithms},
  publisher = {MIT Press},
  year      = {2009},
  edition   = {3rd Edition}
}

@book{SuttonBarto2018,
  author    = {Richard S. Sutton and Andrew G. Barto},
  title     = {Reinforcement Learning: An Introduction},
  publisher = {MIT Press},
  year      = {2018},
  edition   = {2nd Edition}
}

@inproceedings{You2018,
  author    = {Jiaxuan You, Bowen Liu, Zhitao Ying, Vijay Pande, and Jure Leskovec},
  title     = {Graph Convolutional Policy Network for Goal-Directed Molecular Graph Generation},
  booktitle = {Advances in Neural Information Processing Systems},
  year      = {2018}
}

@article{Dijkstra1959,
  author = {E. W. Dijkstra},
  title = {A note on two problems in connexion with graphs},
  journal = {Numerische Mathematik},
  year    = {1959},
  volume  = {1},
  number  = {1},
  pages   = {269--271}
}

@article{NedicOlshevskyOzdaglarTsitsiklis2009,
  author  = {Angelia NediÄ‡ and Alex Olshevsky and Asuman Ozdaglar and John N. Tsitsiklis},
  title   = {On Distributed Averaging Algorithms and Quantization Effects},
  journal = {IEEE Transactions on Automatic Control},
  year    = {2009},
  volume  = {54},
  number  = {11},
  pages   = {2506--2517}
}

@article{Li2018,
  author  = {Zhuwen Li and Qifeng Chen and Vladlen Koltun},
  title   = {Interactive Image Segmentation with Latent Diversity},
  journal = {2018 IEEE/CVF Conference on Computer Vision and Pattern Recognition},
  year    = {2018},
  pages   = {577--585}
}

@article{Weng2020,
  author    = {Wei-Hung Weng, Peter Szolovits, and Marzyeh Ghassemi},
  title     = {Digital Health: Challenges and Future Directions after COVID-19},
  journal   = {Nature Medicine},
  year      = {2020}
}

@article{Zhang2020,
  author    = {Zonghan Wu, Shirui Pan, Fengwen Chen, Guodong Long, Chengqi Zhang, and Philip S. Yu},
  title     = {A Comprehensive Survey on Graph Neural Networks},
  journal   = {IEEE Transactions on Neural Networks and Learning Systems},
  year      = {2020}
}
